3592 4575
1028 229 1155 316 176
1593 170 2731 283 Dnl’flxnosovuiA‘.
3047 253 3096 272 a

1112 345 1292 432 lino,
1315 344 1547 420 Servio
1565 341 1755 422 teste,
1782 347 2017 436 Augur
2034 339 2254 410 dictus
2273 332 2452 432 quali
2483 335 2753 435 Aviger3
2773 327 2960 429 quod
2977 333 3296 409 attendcss

1018 473 1121 524 ret
1143 447 1306 543 quid
1328 447 1467 516 avis
1488 463 1757 542 gereret,
1782 437 1914 509 hoc
1933 438 2021 509 est
2047 436 2304 508 faceret.
2366 443 2432 505 T
2435 433 2721 506 rifariam
2773 433 2936 503 vero
2955 454 3038 503 ex
3057 435 3296 508 avibu!

1018 541 1197 646 figna
1222 543 1665 642 colligebant:
1711 561 1801 608 ex
1825 561 2024 609 cantu
2064 533 2364 606 oscinum
2401 584 2424 617 ,
2463 555 2615 626 quae
2633 527 2715 602 fic
2741 530 2934 600 distae
2951 581 2973 616 ,
2999 533 3156 625 quia
3175 552 3292 604 ore

1022 665 1331 717 canerent
1358 668 1373 712 :
1399 663 1483 708 ex
1500 637 1731 710 volatu
1754 655 2130 730 praepetum
2157 677 2177 705 ‚
2217 655 2370 726 quae
2387 633 2482 701 ita
2503 653 2752 701 vocatae
2776 679 2798 714 ,
2825 628 2979 722 quia
2999 631 3296 701 anterio-

1022 765 1091 813 ra
1107 736 1362 838 semper
1382 757 1646 832 petant:
1672 758 1759 806 ex
1779 731 2128 827 pullorum
2151 729 2450 821 tripudio
2471 779 2491 814 ‚
2545 729 2848 821 quodita
2862 727 3296 801 nominarunt

1028 833 1211 930 quali
1235 835 1696 929 terripavium,
1744 833 1904 924 quia
1945 827 2132 921 quod
2167 827 2305 901 cibi
2335 849 2421 895 ex
2460 850 2574 896 ore
2602 823 2773 920 pulli
2809 820 3188 913 decidisset,
3225 825 3296 899 id

1007 959 1268 1023 ‘terram
1305 933 1596 1029 paviret,
1636 927 1769 1000 hoc
1790 925 1880 998 est
1901 977 1926 1015 ,
1963 925 2211 1000 feriret.
2262 922 2436 998 Vide
2459 931 3015 1002 Hortomannum
3039 921 3157 996 lib.
3183 945 3284 1004 iv.

1030 1030 1386 1106 Observat.
1410 1026 1591 1126 Juris
1612 1051 1751 1124 cap.
1772 1049 1854 1098 x!
1874 1076 1901 1100 .

1143 1169 1205 1242 5.
1236 1192 1303 1254 5.
1352 1177 1509 1244 Huc
1538 1167 1852 1274 pertinet
1875 1162 2464 1264 Α’λεκτςυομαωτεὶω
2497 1222 2520 1258 ,
2541 1187 2701 1240 cum
2719 1155 3082 1240 divinatio
3082 1163 3186 1267 fit
3211 1187 3298 1242 ex

1234 1279 1419 1386 gallo
1432 1275 1836 1387 gallinaceo,

1009 1444 1019 1456 ¹
1128 1420 1739 1519 Aleftryomantias
1756 1415 2150 1515 exemplum
2173 1416 2500 1492 habemus
2523 1415 2698 1512 apud
2719 1423 3086 1490 Zonaram.
3131 1415 3308 1492 Nar:

1032 1541 1135 1592 rat
1150 1571 1171 1608 ‚
1192 1543 1265 1592 nt
1282 1523 1651 1616 imperante
1674 1517 1952 1592 Valente
1969 1513 2219 1589 Caesare
2239 1516 2561 1590 Libanius
2579 1514 2891 1608 Sophiste
2915 1519 2989 1588 &
3009 1513 3310 1615 Jambli-

1036 1617 1206 1688 chus
1238 1615 1695 1716 inquifierint,
1730 1618 1886 1714 quis
1925 1613 2193 1689 Valenti
2241 1609 2396 1686 esset
2453 1609 2849 1690 successurus
2883 1614 2954 1684 in
2988 1615 3299 1710 imperio.

1034 1717 1308 1814 Viginti
1351 1741 1639 1812 quatuor
1675 1716 1900 1787 literas
1931 1711 2303 1807 inscripsere
2321 1709 2605 1808 pulveri.
2662 1711 3070 1806 Unicuique
3103 1713 3315 1786 literae

1030 1811 1502 1907 superposuere
1540 1813 1868 1887 triticivel
1899 1811 2133 1882 hordei
2167 1833 2472 1908 granum.
2530 1811 2712 1882 Hinc
2747 1807 3049 1882 dimissus
3067 1809 3315 1909 estgal-

1040 1909 1147 1981 lus
1188 1908 1615 2008 gallinaceus·
1664 1913 1862 1980 Tum
1894 1907 2222 1980 Libanius
2255 1905 2782 2007 &jamblichus
2819 1908 3111 1981 carmina
3132 1935 3319 2006 quae-

1044 2009 1198 2082 darn
1222 2008 1524 2084 recitare,
1572 2011 1644 2079 &
1668 2008 2050 2097 attendere,
2097 2031 2250 2102 quae
2267 2029 2463 2106 grana
2487 2007 2868 2080 comederet
2882 2005 3131 2103 gallus.
3181 2007 3318 2082 Pri-

1040 2103 1236 2190 mum
1258 2105 1556 2178 comedit
1576 2129 1666 2177 ex
1704 2115 1759 2173 Θ
1778 2157 1802 2193 ,
1851 2111 2005 2196 turn
2027 2131 2114 2178 ex
2136 2118 2174 2171 E
2198 2157 2220 2188 ,
2256 2104 2410 2177 inde
2427 2125 2513 2174 ex
2533 2117 2627 2191 ο,
2667 2105 2824 2178 hinc
2841 2117 3020 2177 exA.
3079 2111 3320 2202 Itaque

1024 2203 1406 2279 collectum
1440 2205 1595 2278 inde
1621 2227 2054 2304 regnaturum
2073 2260 2097 2299 ,
2134 2206 2324 2301 cujus
2342 2226 2594 2275 nomen
2615 2202 2938 2297 inciperet
2961 2205 3045 2276 ab
3065 2215 3164 2274 ΘΕ
3180 2217 3320 2280 ΟΔ.

1044 2305 1174 2376 Sed
1210 2306 1539 2377 incertum
1572 2300 1920 2391 remansit,
1955 2327 2183 2377 utrum
2224 2325 2475 2375 nomen
2518 2300 2690 2374 foret
2729 2300 3194 2393 Theodorus,
3230 2330 3317 2379 an

1044 2402 1479 2487 Theodotus,
1510 2425 1593 2472 an
1618 2398 2071 2475 Theodofius.
2111 2400 2249 2475 Ubi
2271 2400 2356 2472 ad
2383 2397 2686 2475 valentia
2721 2399 2853 2475 hoc
2879 2425 3068 2473 aures
3087 2425 3322 2498 perve-

1040 2504 1186 2585 nit,
1224 2498 1487 2569 multos
1516 2496 1818 2581 sustulit,
1853 2524 2150 2593 quorum
2189 2522 2441 2570 nomen
2462 2499 2546 2572 ab
2591 2494 2696 2570 his
2729 2498 2935 2572 literis
2969 2500 3321 2595 inciperet.

1042 2592 1467 2770 gambliChus
1500 2642 1527 2683 ,
1594 2616 1755 2667 cum
1828 2591 1948 2667 fibi
2001 2594 2037 2665 *a
2093 2594 2374 2669 Valente
2427 2594 2820 2673 formidaret
2881 2650 2906 2681 ,
2978 2619 3316 2676 venenum

1096 2692 1279 2769 aufit.

1114 2894 1119 2901 .
1151 2850 1219 2922 §-
1245 2842 1290 2909 6
1304 2890 1320 2908 .
1375 2834 1759 2910 Proximus
1778 2835 1860 2909 in
1883 2830 2311 2913 animalibus
2337 2854 2491 2913 erat
2513 2834 2698 2914 Iocus
2722 2828 3312 2943 quadrupedium·

1250 2972 1346 3023 ex
1366 2941 1622 3055 quibus
1643 2964 1800 3025 erat
1818 2936 2212 3054 aruspicum
2213 2945 2390 3046 judi
2395 2973 2649 3030 care).

1016 3056 1551 3263 „rbmuspidnae
1597 3089 1911 3165 inventor
1946 3097 2202 3193 Tages.
2261 3091 2449 3167 Hinc
2481 3092 2706 3168 Aruns
2737 3093 2920 3193 apud
2957 3094 3318 3175 Lucanum

1070 3212 1093 3257 ι
1146 3237 1163 3255 .
1190 3210 1253 3258 ι.

1708 3324 1871 3345 ——-
1915 3293 2000 3361 Di
2021 3288 2145 3380 vifis
2155 3289 2469 3379 ftcundent

1402 3396 1478 3454 Et
1491 3386 1666 3477 fibris
1688 3388 1772 3477 fit
1807 3392 1966 3460 nulla
1991 3388 2181 3481 fides3
2205 3389 2318 3476 led
2339 3394 2605 3466 ‘conditor
2639 3398 2786 3466 artis

1414 3488 1697 3557 finxerat
1727 3483 1836 3578 ista
1875 3498 2061 3581 Tages
2111 3524 2274 3543 —-

1040 3620 1272 3696 Etiam
1295 3618 1641 3703 ,divinatio
1680 3620 1878 3695 fiebat
1898 3676 1921 3712 ,
1961 3646 2048 3694 ex
2083 3625 2592 3725 quadrupedum
2622 3629 2916 3707 occursu.
2971 3634 3077 3705 Ita
3115 3632 3312 3713 inan-²

970 3742 975 3745 ·
1042 3720 1566 3816 spicatumerat,
1601 3717 1665 3793 fi·
1687 3719 1896 3818 lupus
1911 3720 1983 3793 in
2017 3720 2238 3796 castris
2271 3782 2292 3809 ,
2325 3725 2435 3798 vel
2463 3730 2624 3802 urbe
2653 3726 3142 3825 conspiceretur
3168 3786 3198 3821 ,
3233 3738 3312 3809 δε

926 3894 929 3899 ,
1034 3818 1407 3896 incolumis
1447 3819 1784 3905 evaderet.
1849 3817 2184 3905 ltemfiin
2215 3824 2507 3905 domum
2548 3826 2858 3911 introiret
2887 3852 3026 3909 ater
3053 3831 3320 3946 alienus

1617 3967 1625 3974 ·
2731 3958 2742 3965 ·
3079 3950 3320 4023 cantu
