<?xml version="1.0" encoding="UTF-8"?>
<!DOCTYPE html PUBLIC "-//W3C//DTD XHTML 1.0 Transitional//EN"
    "http://www.w3.org/TR/xhtml1/DTD/xhtml1-transitional.dtd">
<html xmlns="http://www.w3.org/1999/xhtml" xml:lang="en" lang="en">
 <head>
  <title>
</title>
<meta http-equiv="Content-Type" content="text/html;charset=utf-8" />
  <meta name='ocr-system' content='tesseract 3.04.00' />
  <meta name='ocr-capabilities' content='ocr_page ocr_carea ocr_par ocr_line ocrx_word'/>
</head>
<body>
  <div class='ocr_page' id='page_1' title='image "./johgerardivossi00vossgoog_0145.png"; bbox 0 0 3592 4575; ppageno 0'>
   <div class='ocr_carea' id='block_1_1' title="bbox 55 32 2344 217">
    <p class='ocr_par' dir='ltr' id='par_1_1' title="bbox 55 32 2341 217">
     <span class='ocr_line' id='line_1_1' title="bbox 55 32 1131 144; baseline 0.004 -25"><span class='ocrx_word' id='word_1_1' title='bbox 55 32 705 144; x_wconf 53' lang='lat' dir='ltr'>W:-</span> <span class='ocrx_word' id='word_1_2' title='bbox 778 102 1131 137; x_wconf 45' lang='lat' dir='ltr'>„fd</span> 
     </span>
     <span class='ocr_line' id='line_1_2' title="bbox 381 138 2344 217; baseline 0.003 -5"><span class='ocrx_word' id='word_1_3' title='bbox 381 150 389 157; x_wconf 86' lang='lat'><strong>·</strong></span> <span class='ocrx_word' id='word_1_4' title='bbox 1615 138 2344 217; x_wconf 56' lang='lat' dir='ltr'>Errat-ond</span> 
     </span>
    </p>
   </div>
   <div class='ocr_carea' id='block_1_2' title="bbox 611 273 3387 3722">
    <p class='ocr_par' dir='ltr' id='par_1_2' title="bbox 611 273 3387 3722">
     <span class='ocr_line' id='line_1_3' title="bbox 681 273 3263 431; baseline -0.002 -42"><span class='ocrx_word' id='word_1_5' title='bbox 681 309 919 389; x_wconf 83' lang='lat' dir='ltr'>trum</span> <span class='ocrx_word' id='word_1_6' title='bbox 960 278 1464 385; x_wconf 80' lang='lat' dir='ltr'>faciendum</span> <span class='ocrx_word' id='word_1_7' title='bbox 1496 273 1770 381; x_wconf 88' lang='lat' dir='ltr'>fuerit</span> <span class='ocrx_word' id='word_1_8' title='bbox 1797 342 1831 393; x_wconf 70' lang='lat'><em>2</em></span> <span class='ocrx_word' id='word_1_9' title='bbox 1879 276 2149 383; x_wconf 80' lang='lat' dir='ltr'>malui</span> <span class='ocrx_word' id='word_1_10' title='bbox 2190 308 2447 385; x_wconf 81' lang='lat' dir='ltr'>tuum</span> <span class='ocrx_word' id='word_1_11' title='bbox 2480 277 2723 416; x_wconf 88' lang='lat' dir='ltr'>sequi</span> <span class='ocrx_word' id='word_1_12' title='bbox 2766 276 3263 431; x_wconf 78' lang='lat' dir='ltr'>confilium</span> 
     </span>
     <span class='ocr_line' id='line_1_4' title="bbox 683 382 3269 567; baseline -0.002 -45"><span class='ocrx_word' id='word_1_13' title='bbox 683 424 941 560; x_wconf 90' lang='lat' dir='ltr'>quod</span> <span class='ocrx_word' id='word_1_14' title='bbox 996 424 1206 523; x_wconf 88' lang='lat' dir='ltr'>mihi</span> <span class='ocrx_word' id='word_1_15' title='bbox 1253 418 1472 557; x_wconf 81' lang='lat' dir='ltr'>legis</span> <span class='ocrx_word' id='word_1_16' title='bbox 1511 416 1768 527; x_wconf 82' lang='lat' dir='ltr'>instat</span> <span class='ocrx_word' id='word_1_17' title='bbox 1814 406 1945 519; x_wconf 81' lang='lat' dir='ltr'>est</span> <span class='ocrx_word' id='word_1_18' title='bbox 1985 482 2021 531; x_wconf 85' lang='lat'>‚</span> <span class='ocrx_word' id='word_1_19' title='bbox 2086 452 2356 555; x_wconf 83' lang='lat' dir='ltr'>quam</span> <span class='ocrx_word' id='word_1_20' title='bbox 2432 420 2686 522; x_wconf 81' lang='lat' dir='ltr'>tineis</span> <span class='ocrx_word' id='word_1_21' title='bbox 2755 382 3269 567; x_wconf 62' lang='lat' dir='ltr'>gratificari:</span> 
     </span>
     <span class='ocr_line' id='line_1_5' title="bbox 685 517 3273 723; baseline -0.002 -63"><span class='ocrx_word' id='word_1_22' title='bbox 685 594 1058 719; x_wconf 79' lang='lat' dir='ltr'>quarum</span> <span class='ocrx_word' id='word_1_23' title='bbox 1093 558 1458 691; x_wconf 80' lang='lat' dir='ltr'>inopiae,</span> <span class='ocrx_word' id='word_1_24' title='bbox 1471 587 1574 658; x_wconf 88' lang='lat' dir='ltr'>ut</span> <span class='ocrx_word' id='word_1_25' title='bbox 1581 552 1945 695; x_wconf 83' lang='lat' dir='ltr'>semper</span> <span class='ocrx_word' id='word_1_26' title='bbox 1964 632 1999 683; x_wconf 86' lang='lat'>,</span> <span class='ocrx_word' id='word_1_27' title='bbox 2046 560 2171 657; x_wconf 87' lang='lat' dir='ltr'>ita</span> <span class='ocrx_word' id='word_1_28' title='bbox 2180 590 2548 723; x_wconf 87' lang='lat' dir='ltr'>quoque</span> <span class='ocrx_word' id='word_1_29' title='bbox 2576 590 2806 655; x_wconf 87' lang='lat' dir='ltr'>nunc</span> <span class='ocrx_word' id='word_1_30' title='bbox 2822 553 3021 655; x_wconf 83' lang='lat' dir='ltr'>satis</span> <span class='ocrx_word' id='word_1_31' title='bbox 3036 517 3273 655; x_wconf 86' lang='lat' dir='ltr'>libe-</span> 
     </span>
     <span class='ocr_line' id='line_1_6' title="bbox 693 664 3269 848; baseline -0.004 -49"><span class='ocrx_word' id='word_1_32' title='bbox 693 696 994 799; x_wconf 84' lang='lat' dir='ltr'>taliter</span> <span class='ocrx_word' id='word_1_33' title='bbox 1013 697 1568 799; x_wconf 85' lang='lat' dir='ltr'>succurritur.</span> <span class='ocrx_word' id='word_1_34' title='bbox 1641 691 1987 793; x_wconf 85' lang='lat' dir='ltr'>Frustra</span> <span class='ocrx_word' id='word_1_35' title='bbox 2012 692 2231 796; x_wconf 75' lang='lat' dir='ltr'>vero</span> <span class='ocrx_word' id='word_1_36' title='bbox 2262 698 2565 818; x_wconf 85' lang='lat' dir='ltr'>effem,</span> <span class='ocrx_word' id='word_1_37' title='bbox 2588 692 2653 792; x_wconf 86' lang='lat' dir='ltr'>si</span> <span class='ocrx_word' id='word_1_38' title='bbox 2676 664 2921 798; x_wconf 78' lang='lat' dir='ltr'>iliud</span> <span class='ocrx_word' id='word_1_39' title='bbox 2956 690 3269 848; x_wconf 84' lang='lat' dir='ltr'>quale-</span> 
     </span>
     <span class='ocr_line' id='line_1_7' title="bbox 701 829 3267 969; baseline -0.003 -33"><span class='ocrx_word' id='word_1_40' title='bbox 701 835 1058 969; x_wconf 85' lang='lat' dir='ltr'>cunque</span> <span class='ocrx_word' id='word_1_41' title='bbox 1135 831 1556 968; x_wconf 87' lang='lat' dir='ltr'>scriptum</span> <span class='ocrx_word' id='word_1_42' title='bbox 1627 896 1662 942; x_wconf 69' lang='lat'><em>2</em></span> <span class='ocrx_word' id='word_1_43' title='bbox 1732 829 2081 933; x_wconf 75' lang='lat' dir='ltr'>alterius</span> <span class='ocrx_word' id='word_1_44' title='bbox 2162 832 2459 933; x_wconf 78' lang='lat' dir='ltr'>tutelae</span> <span class='ocrx_word' id='word_1_45' title='bbox 2547 834 2643 930; x_wconf 88' lang='lat'>&amp;</span> <span class='ocrx_word' id='word_1_46' title='bbox 2758 829 3267 966; x_wconf 85' lang='lat' dir='ltr'>patrocinio</span> 
     </span>
     <span class='ocr_line' id='line_1_8' title="bbox 709 961 3274 1105; baseline -0.004 -30"><span class='ocrx_word' id='word_1_47' title='bbox 709 975 1422 1095; x_wconf 80' lang='lat' dir='ltr'>committerem,</span> <span class='ocrx_word' id='word_1_48' title='bbox 1495 1001 1764 1105; x_wconf 88' lang='lat' dir='ltr'>atque</span> <span class='ocrx_word' id='word_1_49' title='bbox 1806 968 2038 1095; x_wconf 74' lang='lat' dir='ltr'>eiua,</span> <span class='ocrx_word' id='word_1_50' title='bbox 2082 961 2328 1089; x_wconf 73' lang='lat' dir='ltr'>cujus</span> <span class='ocrx_word' id='word_1_51' title='bbox 2350 972 2779 1071; x_wconf 74' lang='lat' dir='ltr'>arbitratu</span> <span class='ocrx_word' id='word_1_52' title='bbox 2802 968 3087 1069; x_wconf 87' lang='lat' dir='ltr'>lucem</span> <span class='ocrx_word' id='word_1_53' title='bbox 3112 967 3274 1065; x_wconf 88' lang='lat' dir='ltr'>ad-</span> 
     </span>
     <span class='ocr_line' id='line_1_9' title="bbox 710 1105 3271 1273; baseline -0.001 -66"><span class='ocrx_word' id='word_1_54' title='bbox 710 1108 997 1273; x_wconf 82' lang='lat' dir='ltr'>spicit.</span> <span class='ocrx_word' id='word_1_55' title='bbox 1067 1107 1264 1244; x_wconf 89' lang='lat' dir='ltr'>Ipsa</span> <span class='ocrx_word' id='word_1_56' title='bbox 1302 1106 1748 1231; x_wconf 82' lang='lat' dir='ltr'>hociubet</span> <span class='ocrx_word' id='word_1_57' title='bbox 1787 1112 2228 1243; x_wconf 69' lang='lat' dir='ltr'>aequitaS,</span> <span class='ocrx_word' id='word_1_58' title='bbox 2268 1107 2415 1207; x_wconf 88' lang='lat' dir='ltr'>sed</span> <span class='ocrx_word' id='word_1_59' title='bbox 2458 1105 3043 1257; x_wconf 81' lang='lat' dir='ltr'>multomagis</span> <span class='ocrx_word' id='word_1_60' title='bbox 3071 1106 3271 1205; x_wconf 87' lang='lat' dir='ltr'>offi-</span> 
     </span>
     <span class='ocr_line' id='line_1_10' title="bbox 705 1237 3271 1381; baseline -0.002 -32"><span class='ocrx_word' id='word_1_61' title='bbox 705 1249 834 1367; x_wconf 71' lang='lat' dir='ltr'>ci)</span> <span class='ocrx_word' id='word_1_62' title='bbox 809 1242 1241 1348; x_wconf 87' lang='lat' dir='ltr'>nostriid</span> <span class='ocrx_word' id='word_1_63' title='bbox 1267 1249 1547 1381; x_wconf 82' lang='lat' dir='ltr'>exigit</span> <span class='ocrx_word' id='word_1_64' title='bbox 1567 1248 1823 1346; x_wconf 88' lang='lat' dir='ltr'>ratio.</span> <span class='ocrx_word' id='word_1_65' title='bbox 1898 1254 2140 1348; x_wconf 85' lang='lat' dir='ltr'>Cum</span> <span class='ocrx_word' id='word_1_66' title='bbox 2180 1251 2417 1347; x_wconf 85' lang='lat' dir='ltr'>enim</span> <span class='ocrx_word' id='word_1_67' title='bbox 2457 1237 2629 1360; x_wconf 82' lang='lat' dir='ltr'>jam</span> <span class='ocrx_word' id='word_1_68' title='bbox 2655 1285 2706 1347; x_wconf 88' lang='lat' dir='ltr'>a</span> <span class='ocrx_word' id='word_1_69' title='bbox 2738 1274 2880 1347; x_wconf 88' lang='lat' dir='ltr'>tot</span> <span class='ocrx_word' id='word_1_70' title='bbox 2902 1243 3147 1343; x_wconf 70' lang='lat' dir='ltr'>annio</span> <span class='ocrx_word' id='word_1_71' title='bbox 3178 1282 3271 1344; x_wconf 87' lang='lat' dir='ltr'>a·</span> 
     </span>
     <span class='ocr_line' id='line_1_11' title="bbox 712 1376 3273 1519; baseline -0.002 -34"><span class='ocrx_word' id='word_1_72' title='bbox 712 1388 1052 1487; x_wconf 82' lang='lat' dir='ltr'>micitia</span> <span class='ocrx_word' id='word_1_73' title='bbox 1080 1386 1172 1484; x_wconf 76' lang='lat' dir='ltr'>Sc</span> <span class='ocrx_word' id='word_1_74' title='bbox 1196 1378 1783 1484; x_wconf 86' lang='lat' dir='ltr'>familiaritate</span> <span class='ocrx_word' id='word_1_75' title='bbox 1824 1411 1976 1485; x_wconf 87' lang='lat' dir='ltr'>tua</span> <span class='ocrx_word' id='word_1_76' title='bbox 2020 1380 2305 1510; x_wconf 80' lang='lat' dir='ltr'>fruar,</span> <span class='ocrx_word' id='word_1_77' title='bbox 2375 1376 2824 1519; x_wconf 87' lang='lat' dir='ltr'>fueritque</span> <span class='ocrx_word' id='word_1_78' title='bbox 2866 1384 3083 1483; x_wconf 87' lang='lat' dir='ltr'>mihi</span> <span class='ocrx_word' id='word_1_79' title='bbox 3124 1381 3273 1482; x_wconf 86' lang='lat' dir='ltr'>illa</span> 
     </span>
     <span class='ocr_line' id='line_1_12' title="bbox 715 1516 3277 1655; baseline 0.001 -37"><span class='ocrx_word' id='word_1_80' title='bbox 715 1519 1064 1655; x_wconf 81' lang='lat' dir='ltr'>semper</span> <span class='ocrx_word' id='word_1_81' title='bbox 1086 1523 1525 1629; x_wconf 84' lang='lat' dir='ltr'>&amp;honori</span> <span class='ocrx_word' id='word_1_82' title='bbox 1563 1525 1662 1621; x_wconf 84' lang='lat'>&amp;</span> <span class='ocrx_word' id='word_1_83' title='bbox 1688 1518 2179 1655; x_wconf 82' lang='lat' dir='ltr'>voluptati,</span> <span class='ocrx_word' id='word_1_84' title='bbox 2216 1525 2607 1653; x_wconf 85' lang='lat' dir='ltr'>ingratus</span> <span class='ocrx_word' id='word_1_85' title='bbox 2644 1516 3277 1621; x_wconf 80' lang='lat' dir='ltr'>effemfiullam</span> 
     </span>
     <span class='ocr_line' id='line_1_13' title="bbox 719 1656 3279 1817; baseline -0.001 -62"><span class='ocrx_word' id='word_1_86' title='bbox 719 1658 1266 1817; x_wconf 83' lang='lat' dir='ltr'>negligerem</span> <span class='ocrx_word' id='word_1_87' title='bbox 1291 1656 1892 1781; x_wconf 83' lang='lat' dir='ltr'>occasionem,</span> <span class='ocrx_word' id='word_1_88' title='bbox 1976 1692 2153 1793; x_wconf 88' lang='lat' dir='ltr'>qua</span> <span class='ocrx_word' id='word_1_89' title='bbox 2188 1694 2374 1757; x_wconf 86' lang='lat' dir='ltr'>non</span> <span class='ocrx_word' id='word_1_90' title='bbox 2408 1656 2788 1758; x_wconf 82' lang='lat' dir='ltr'>studium</span> <span class='ocrx_word' id='word_1_91' title='bbox 2832 1696 2933 1759; x_wconf 86' lang='lat' dir='ltr'>ac</span> <span class='ocrx_word' id='word_1_92' title='bbox 2976 1656 3279 1765; x_wconf 79' lang='lat' dir='ltr'>obser·</span> 
     </span>
     <span class='ocr_line' id='line_1_14' title="bbox 722 1794 3279 1923; baseline -0.003 -24"><span class='ocrx_word' id='word_1_93' title='bbox 722 1797 1112 1899; x_wconf 84' lang='lat' dir='ltr'>vantiam</span> <span class='ocrx_word' id='word_1_94' title='bbox 1135 1794 1527 1921; x_wconf 87' lang='lat' dir='ltr'>testarer,</span> <span class='ocrx_word' id='word_1_95' title='bbox 1577 1830 1678 1893; x_wconf 84' lang='lat' dir='ltr'>ac</span> <span class='ocrx_word' id='word_1_96' title='bbox 1701 1826 1910 1892; x_wconf 86' lang='lat' dir='ltr'>cum</span> <span class='ocrx_word' id='word_1_97' title='bbox 1944 1794 2511 1923; x_wconf 75' lang='lat' dir='ltr'>praesentibus</span> <span class='ocrx_word' id='word_1_98' title='bbox 2570 1816 2749 1895; x_wconf 90' lang='lat' dir='ltr'>non</span> <span class='ocrx_word' id='word_1_99' title='bbox 2796 1794 3059 1895; x_wconf 85' lang='lat' dir='ltr'>liceat</span> <span class='ocrx_word' id='word_1_100' title='bbox 3098 1794 3279 1892; x_wconf 89' lang='lat' dir='ltr'>ob-</span> 
     </span>
     <span class='ocr_line' id='line_1_15' title="bbox 617 1925 3276 2073; baseline 0 -42"><span class='ocrx_word' id='word_1_101' title='bbox 617 1980 626 1989; x_wconf 94' lang='lat'><strong>·</strong></span> <span class='ocrx_word' id='word_1_102' title='bbox 722 1930 1506 2067; x_wconf 79' lang='lat' dir='ltr'>sequiis,tralativo</span> <span class='ocrx_word' id='word_1_103' title='bbox 1521 1925 1824 2033; x_wconf 86' lang='lat' dir='ltr'>saltem</span> <span class='ocrx_word' id='word_1_104' title='bbox 1860 1928 2216 2035; x_wconf 58' lang='lat' dir='ltr'>affectius</span> <span class='ocrx_word' id='word_1_105' title='bbox 2254 1966 2616 2073; x_wconf 83' lang='lat' dir='ltr'>genere,</span> <span class='ocrx_word' id='word_1_106' title='bbox 2637 1932 3087 2033; x_wconf 82' lang='lat' dir='ltr'>absentem</span> <span class='ocrx_word' id='word_1_107' title='bbox 3116 1967 3276 2031; x_wconf 88' lang='lat' dir='ltr'>co·</span> 
     </span>
     <span class='ocr_line' id='line_1_16' title="bbox 725 2066 3277 2204; baseline -0.003 -27"><span class='ocrx_word' id='word_1_108' title='bbox 725 2066 1058 2195; x_wconf 86' lang='lat' dir='ltr'>lerem,</span> <span class='ocrx_word' id='word_1_109' title='bbox 1094 2105 1196 2171; x_wconf 90' lang='lat' dir='ltr'>ac</span> <span class='ocrx_word' id='word_1_110' title='bbox 1238 2074 1512 2204; x_wconf 73' lang='lat' dir='ltr'>porro</span> <span class='ocrx_word' id='word_1_111' title='bbox 1552 2071 2005 2175; x_wconf 88' lang='lat' dir='ltr'>demereri</span> <span class='ocrx_word' id='word_1_112' title='bbox 2036 2070 2945 2173; x_wconf 79' lang='lat' dir='ltr'>conarer.1ucunda</span> <span class='ocrx_word' id='word_1_113' title='bbox 2986 2104 3116 2167; x_wconf 77' lang='lat' dir='ltr'>res</span> <span class='ocrx_word' id='word_1_114' title='bbox 3148 2068 3277 2169; x_wconf 85' lang='lat' dir='ltr'>est</span> 
     </span>
     <span class='ocr_line' id='line_1_17' title="bbox 725 2195 3283 2343; baseline -0.001 -34"><span class='ocrx_word' id='word_1_115' title='bbox 725 2212 1003 2310; x_wconf 87' lang='lat' dir='ltr'>amari</span> <span class='ocrx_word' id='word_1_116' title='bbox 1032 2246 1082 2308; x_wconf 89' lang='lat' dir='ltr'>a</span> <span class='ocrx_word' id='word_1_117' title='bbox 1121 2208 1823 2342; x_wconf 85' lang='lat' dir='ltr'>quibuscumque</span> <span class='ocrx_word' id='word_1_118' title='bbox 1866 2211 2195 2333; x_wconf 88' lang='lat' dir='ltr'>etiam,</span> <span class='ocrx_word' id='word_1_119' title='bbox 2264 2208 2409 2314; x_wconf 88' lang='lat' dir='ltr'>sed</span> <span class='ocrx_word' id='word_1_120' title='bbox 2474 2212 2689 2313; x_wconf 75' lang='lat' dir='ltr'>vero</span> <span class='ocrx_word' id='word_1_121' title='bbox 2724 2208 2939 2343; x_wconf 90' lang='lat' dir='ltr'>quid</span> <span class='ocrx_word' id='word_1_122' title='bbox 2973 2195 3283 2324; x_wconf 83' lang='lat' dir='ltr'>jucun</span> 
     </span>
     <span class='ocr_line' id='line_1_18' title="bbox 727 2343 3363 2504; baseline -0.001 -60"><span class='ocrx_word' id='word_1_123' title='bbox 727 2345 956 2464; x_wconf 81' lang='lat' dir='ltr'>dius,</span> <span class='ocrx_word' id='word_1_124' title='bbox 976 2347 1192 2478; x_wconf 89' lang='lat' dir='ltr'>quid</span> <span class='ocrx_word' id='word_1_125' title='bbox 1219 2343 1694 2476; x_wconf 82' lang='lat' dir='ltr'>pulchrius,</span> <span class='ocrx_word' id='word_1_126' title='bbox 1741 2377 2007 2477; x_wconf 85' lang='lat' dir='ltr'>quam</span> <span class='ocrx_word' id='word_1_127' title='bbox 2040 2377 2347 2445; x_wconf 87' lang='lat' dir='ltr'>eorum</span> <span class='ocrx_word' id='word_1_128' title='bbox 2378 2351 2865 2504; x_wconf 83' lang='lat' dir='ltr'>promereri</span> <span class='ocrx_word' id='word_1_129' title='bbox 2891 2346 3285 2446; x_wconf 80' lang='lat' dir='ltr'>benevo-</span> <span class='ocrx_word' id='word_1_130' title='bbox 3354 2365 3363 2372; x_wconf 84' lang='grc'><em>’</em></span> 
     </span>
     <span class='ocr_line' id='line_1_19' title="bbox 611 2471 3283 2606; baseline 0.001 -27"><span class='ocrx_word' id='word_1_131' title='bbox 611 2563 628 2579; x_wconf 91' lang='grc'><strong><em>.</em></strong></span> <span class='ocrx_word' id='word_1_132' title='bbox 727 2471 1090 2585; x_wconf 70' lang='lat' dir='ltr'>lentiam</span> <span class='ocrx_word' id='word_1_133' title='bbox 1117 2552 1148 2602; x_wconf 95' lang='lat'>,</span> <span class='ocrx_word' id='word_1_134' title='bbox 1215 2511 1598 2606; x_wconf 82' lang='lat' dir='ltr'>quorum</span> <span class='ocrx_word' id='word_1_135' title='bbox 1649 2483 2017 2580; x_wconf 81' lang='lat' dir='ltr'>virtutes</span> <span class='ocrx_word' id='word_1_136' title='bbox 2058 2482 2328 2580; x_wconf 84' lang='lat' dir='ltr'>etiam</span> <span class='ocrx_word' id='word_1_137' title='bbox 2376 2480 2691 2579; x_wconf 86' lang='lat' dir='ltr'>invitos</span> <span class='ocrx_word' id='word_1_138' title='bbox 2720 2517 2825 2592; x_wconf 85' lang='lat' dir='ltr'>ac</span> <span class='ocrx_word' id='word_1_139' title='bbox 2871 2478 3283 2582; x_wconf 71' lang='lat' dir='ltr'>nolentes</span> 
     </span>
     <span class='ocr_line' id='line_1_20' title="bbox 731 2607 3286 2754; baseline -0.001 -36"><span class='ocrx_word' id='word_1_140' title='bbox 731 2653 1047 2754; x_wconf 72' lang='lat' dir='ltr'>rapere</span> <span class='ocrx_word' id='word_1_141' title='bbox 1071 2607 1448 2751; x_wconf 77' lang='lat' dir='ltr'>poffint?</span> <span class='ocrx_word' id='word_1_142' title='bbox 1504 2622 1728 2752; x_wconf 76' lang='lat' dir='ltr'>Qis</span> <span class='ocrx_word' id='word_1_143' title='bbox 1759 2651 1949 2714; x_wconf 81' lang='lat' dir='ltr'>non</span> <span class='ocrx_word' id='word_1_144' title='bbox 1990 2612 2301 2718; x_wconf 85' lang='lat' dir='ltr'>talium</span> <span class='ocrx_word' id='word_1_145' title='bbox 2336 2619 2809 2718; x_wconf 83' lang='lat' dir='ltr'>amicitiam</span> <span class='ocrx_word' id='word_1_146' title='bbox 2858 2619 3286 2718; x_wconf 83' lang='lat' dir='ltr'>omnibus</span> 
     </span>
     <span class='ocr_line' id='line_1_21' title="bbox 731 2747 3291 2892; baseline -0.003 -31"><span class='ocrx_word' id='word_1_147' title='bbox 731 2756 966 2861; x_wconf 84' lang='lat' dir='ltr'>votis</span> <span class='ocrx_word' id='word_1_148' title='bbox 1001 2757 1518 2888; x_wconf 80' lang='lat' dir='ltr'>adquirere,</span> <span class='ocrx_word' id='word_1_149' title='bbox 1583 2747 2113 2892; x_wconf 84' lang='lat' dir='ltr'>adquifitam</span> <span class='ocrx_word' id='word_1_150' title='bbox 2138 2761 2354 2860; x_wconf 76' lang='lat' dir='ltr'>vero</span> <span class='ocrx_word' id='word_1_151' title='bbox 2390 2789 2805 2892; x_wconf 83' lang='lat' dir='ltr'>tanquam</span> <span class='ocrx_word' id='word_1_152' title='bbox 2845 2755 3135 2856; x_wconf 86' lang='lat' dir='ltr'>lucem</span> <span class='ocrx_word' id='word_1_153' title='bbox 3176 2791 3291 2854; x_wconf 88' lang='lat' dir='ltr'>o-</span> 
     </span>
     <span class='ocr_line' id='line_1_22' title="bbox 725 2889 3295 3032; baseline -0.002 -32"><span class='ocrx_word' id='word_1_154' title='bbox 725 2891 1134 3000; x_wconf 83' lang='lat' dir='ltr'>culorum</span> <span class='ocrx_word' id='word_1_155' title='bbox 1171 2889 2015 3032; x_wconf 80' lang='lat' dir='ltr'>conservarequam</span> <span class='ocrx_word' id='word_1_156' title='bbox 2044 2895 2425 2996; x_wconf 72' lang='lat' dir='ltr'>maxime</span> <span class='ocrx_word' id='word_1_157' title='bbox 2459 2898 2834 3031; x_wconf 79' lang='lat' dir='ltr'>cupiat?</span> <span class='ocrx_word' id='word_1_158' title='bbox 2898 2893 3295 2996; x_wconf 81' lang='lat' dir='ltr'>Adeone</span> 
     </span>
     <span class='ocr_line' id='line_1_23' title="bbox 715 3029 3387 3170; baseline 0.001 -38"><span class='ocrx_word' id='word_1_159' title='bbox 715 3029 947 3140; x_wconf 75' lang='lat' dir='ltr'>vero</span> <span class='ocrx_word' id='word_1_160' title='bbox 983 3035 1182 3167; x_wconf 78' lang='lat' dir='ltr'>quis</span> <span class='ocrx_word' id='word_1_161' title='bbox 1207 3033 1271 3133; x_wconf 90' lang='lat' dir='ltr'>s</span> <span class='ocrx_word' id='word_1_162' title='bbox 1240 3069 1311 3134; x_wconf 88' lang='lat' dir='ltr'>t</span> <span class='ocrx_word' id='word_1_163' title='bbox 1344 3033 1789 3156; x_wconf 77' lang='lat' dir='ltr'>barbatus,</span> <span class='ocrx_word' id='word_1_164' title='bbox 1850 3036 2115 3169; x_wconf 86' lang='lat' dir='ltr'>utqui</span> <span class='ocrx_word' id='word_1_165' title='bbox 2166 3037 2737 3170; x_wconf 84' lang='lat' dir='ltr'>ingenium&amp;</span> <span class='ocrx_word' id='word_1_166' title='bbox 2769 3029 3295 3136; x_wconf 85' lang='lat' dir='ltr'>suavitatem</span> <span class='ocrx_word' id='word_1_167' title='bbox 3372 3133 3387 3144; x_wconf 67' lang='grc'><strong>,</strong></span> 
     </span>
     <span class='ocr_line' id='line_1_24' title="bbox 721 3167 3293 3302; baseline 0.003 -34"><span class='ocrx_word' id='word_1_168' title='bbox 721 3203 1082 3268; x_wconf 86' lang='lat' dir='ltr'>morum</span> <span class='ocrx_word' id='word_1_169' title='bbox 1131 3199 1502 3274; x_wconf 81' lang='lat' dir='ltr'>tuorum</span> <span class='ocrx_word' id='word_1_170' title='bbox 1541 3169 2083 3302; x_wconf 59' lang='lat' dir='ltr'>perspefihm</span> <span class='ocrx_word' id='word_1_171' title='bbox 2128 3172 2508 3294; x_wconf 86' lang='lat' dir='ltr'>habeat,</span> <span class='ocrx_word' id='word_1_172' title='bbox 2596 3167 3293 3276; x_wconf 84' lang='lat' dir='ltr'>familiaritatem</span> 
     </span>
     <span class='ocr_line' id='line_1_25' title="bbox 733 3302 3299 3438; baseline 0.002 -36"><span class='ocrx_word' id='word_1_173' title='bbox 733 3307 1209 3402; x_wconf 86' lang='lat' dir='ltr'>etiamnon</span> <span class='ocrx_word' id='word_1_174' title='bbox 1233 3305 1588 3428; x_wconf 86' lang='lat' dir='ltr'>ambiat,</span> <span class='ocrx_word' id='word_1_175' title='bbox 1600 3343 1711 3404; x_wconf 87' lang='lat' dir='ltr'>ac</span> <span class='ocrx_word' id='word_1_176' title='bbox 1739 3303 2183 3438; x_wconf 72' lang='lat' dir='ltr'>perpetuo</span> <span class='ocrx_word' id='word_1_177' title='bbox 2211 3307 2357 3403; x_wconf 85' lang='lat' dir='ltr'>illa</span> <span class='ocrx_word' id='word_1_178' title='bbox 2384 3302 2565 3405; x_wconf 85' lang='lat' dir='ltr'>frui</span> <span class='ocrx_word' id='word_1_179' title='bbox 2570 3305 3041 3412; x_wconf 87' lang='lat' dir='ltr'>desideret</span> <span class='ocrx_word' id='word_1_180' title='bbox 3026 3311 3062 3374; x_wconf 72' lang='lat'>²</span> <span class='ocrx_word' id='word_1_181' title='bbox 3110 3315 3299 3410; x_wconf 87' lang='lat' dir='ltr'>Ta·</span> 
     </span>
     <span class='ocr_line' id='line_1_26' title="bbox 731 3440 3293 3601; baseline 0 -59"><span class='ocrx_word' id='word_1_182' title='bbox 731 3477 899 3542; x_wconf 89' lang='lat' dir='ltr'>ceo</span> <span class='ocrx_word' id='word_1_183' title='bbox 921 3440 1253 3601; x_wconf 66' lang='lat' dir='ltr'>reliqua</span> <span class='ocrx_word' id='word_1_184' title='bbox 1275 3520 1306 3575; x_wconf 95' lang='lat'>,</span> <span class='ocrx_word' id='word_1_185' title='bbox 1345 3479 1540 3581; x_wconf 81' lang='lat' dir='ltr'>quae</span> <span class='ocrx_word' id='word_1_186' title='bbox 1585 3442 1728 3543; x_wconf 85' lang='lat' dir='ltr'>vel</span> <span class='ocrx_word' id='word_1_187' title='bbox 1754 3443 2065 3560; x_wconf 83' lang='lat' dir='ltr'>leviter</span> <span class='ocrx_word' id='word_1_188' title='bbox 2087 3442 2667 3584; x_wconf 84' lang='lat' dir='ltr'>perstringere</span> <span class='ocrx_word' id='word_1_189' title='bbox 2692 3447 2842 3546; x_wconf 83' lang='lat' dir='ltr'>vix</span> <span class='ocrx_word' id='word_1_190' title='bbox 2886 3451 3293 3554; x_wconf 83' lang='lat' dir='ltr'>audeam,</span> 
     </span>
     <span class='ocr_line' id='line_1_27' title="bbox 3094 3617 3301 3722; baseline 0.005 -42"><span class='ocrx_word' id='word_1_191' title='bbox 3094 3617 3301 3722; x_wconf 81' lang='lat' dir='ltr'>gna·</span> 
     </span>
    </p>
   </div>
  </div>
 </body>
</html>
