3592 4575
1000 205 1121 300 158
1527 200 2662 276 anflxtosornrA.

998 306 1075 376 δι
1090 298 1363 390 injuriae.
1421 299 1804 400 Indigentia
1822 300 2096 396 quidem
2117 354 2144 384 ,
2214 305 2326 376 uia
2341 353 2366 384 ‚
2383 297 2669 397 quisque
2704 291 2897 394 quod
2909 315 3058 368 non
3078 292 3286 370 habe·

998 419 1103 476 ret
1122 453 1149 490 ‚
1166 401 1249 474 ab
1270 396 1409 470 alio
1421 421 1643 496 petere
1662 398 1946 470 habebat
1971 327 2220 474 necessqe
2243 433 2266 492 3
2300 399 2478 472 unde
2501 399 2788 490 majores
2805 393 3152 468 societates
3175 395 3290 466 vi-

1000 522 1112 571 tae.
1194 499 1455 590 lnjuriae
1478 519 1745 579 autem,
1786 500 1946 592 quia
1989 496 2124 570 fere
2160 501 2256 572 ita
2294 496 2410 581 fit,
2449 520 2530 570 ut
2563 495 2918 587 potentior
2951 494 3018 562 vi
3055 495 3294 588 eripiat

1002 596 1242 669 aliena.
1311 595 1492 695 Ergo
1511 645 1533 680 ‚
1555 618 1631 666 ut
1654 597 1915 688 injuriis
1937 593 2328 670 resisteretur
2347 649 2370 684 ‚
2409 618 2584 690 opus
2625 593 2754 666 fuit
2804 589 3082 664 homine
3123 616 3297 687 pru-

1002 695 1207 768 dente
1230 743 1251 781 ,
1276 689 1447 787 justo
1472 744 1494 779 ,
1526 715 1840 788 potente:
1883 692 2254 788 prudente,
2275 693 2422 792 qub
2456 690 2851 765 discerneret
2890 714 3168 785 aequum
3203 685 3304 764 ab‘

1002 794 1248 888 iniquo
1272 790 1513 886 3justo,
1536 815 1610 863 ut
1628 789 1834 863 vellet
1850 794 2104 889 cuique
2119 844 2145 881 ‚
2184 793 2376 890 quod
2393 791 2570 866 ratio
2591 793 2664 861 &
2691 789 2976 884 aequitas
3009 790 3244 881 jubent
3270 817 3289 860 ς

1005 913 1312 988 potente,
1348 911 1423 958 ut
1447 888 1927 960 imbecilliores
1948 891 2322 975 defendere,
2347 889 2826 986 immorigeros
2849 881 3064 984 poss'et
3087 911 3296 988 coge-

1003 1013 1100 1064 re.
1158 993 1323 1060 Haec
1344 987 1549 1086 igitur
1587 985 1796 1062 cauffa
1811 987 1950 1080 est,
1980 1014 2094 1061 cur
2131 991 2494 1084 imperium
2530 989 2647 1058 uni
2682 987 3116 1060 conferretur.
3171 986 3296 1060 bed

1004 1111 1183 1160 unus
1206 1083 1320 1156 ille
1336 1085 1675 1158 interdum
1706 1087 1778 1157 in
1804 1109 1990 1158 tanta
2007 1085 2334 1184 potestate
2372 1087 2628 1185 pleraq3
2647 1109 2735 1156 ex
2759 1083 3060 1156 lubidine
3081 1087 3300 1186 magis

1008 1183 1289 1282 agebat,
1334 1180 1538 1278 quim
1560 1209 1765 1280 aequo
1807 1188 1878 1257 δε
1899 1184 2120 1260 bono.
2175 1184 2304 1258 Vel
2339 1211 2418 1258 ut
2449 1185 2486 1256 ὲ
2505 1186 2743 1280 primis
2762 1181 3024 1278 optime
3045 1205 3298 1284 regere-

1009 1305 1157 1364 tur,
1186 1280 1669 1376 degenerabant
1708 1305 1936 1356 tamen
1977 1279 2387 1358 succefforesr
2445 1283 2667 1364 Unde
2695 1283 2950 1375 injuriae
2981 1305 3125 1354 non
3161 1286 3298 1372 jam

1008 1380 1261 1454 civium
1277 1381 1447 1450 inter
1458 1377 1544 1466 se,
1566 1379 1673 1453 vel
1693 1383 2082 1478 potentium
2103 1385 2172 1454 in
2187 1383 2565 1480 proximos,
2581 1377 2690 1452 sed
2707 1381 3088 1474 principum
3109 1382 3175 1452 in
3197 1382 3301 1456 ci·-

1010 1502 1149 1550 ves·
1196 1485 1549 1569 Propterea
1565 1477 1921 1554 interfecto
1945 1483 2245 1577 Principe
2268 1532 2290 1566 ,
2312 1481 2676 1577 imperium
2693 1473 3118 1552 commiffum
3145 1479 3304 1576 plu-

1010 1574 1201 1650 ribus
1220 1575 1377 1648 vitis
1398 1574 1610 1648 bonis
1632 1628 1656 1663 ,
1693 1575 1803 1648 vel
1826 1579 1943 1674 qui
1968 1579 2133 1650 tales
2165 1578 2573 1668 viderentur.
2629 1580 2738 1652 Ita
2751 1577 2835 1649 ab
2869 1601 3083 1680 regno
3099 1581 3320 1652 unius'

1008 1675 1097 1746 ad
1114 1675 1529 1771 optimatum
1544 1676 1902 1774 imperium
1922 1675 2012 1750 est
2031 1676 2416 1751 deventum.
2457 1675 2586 1749 Sed
2605 1674 2710 1746 his
2731 1701 3014 1774 quoque
3031 1676 3138 1749 vel
3159 1702 3307 1751 ma·

1010 1771 1078 1845 le
1098 1772 1448 1844 utentibus
1460 1769 1575 1845 sua
1601 1771 1952 1867 potestate,
1977 1773 2084 1846 vel
2101 1774 2647 1874 degenerantibus
2670 1773 2805 1846 iuis
2817 1830 2839 1864 ,
2860 1777 2978 1872 qui
2993 1771 3308 1850 successe-

1010 1893 1165 1943 tant
1184 1923 1207 1958 ,
1228 1866 1527 1965 populus
1546 1867 1682 1966 ipse
1698 1869 2102 1964 potestatem
2123 1874 2196 1944 in
2213 1871 2276 1948 st
2289 1873 2535 1972 recepit
2557 1901 2572 1942 ε
2625 1869 3006 1969 usquedum
3037 1873 3110 1946 in
3129 1871 3308 1969 ejus-

1010 1968 1208 2042 modi
1229 1967 1516 2062 imperio
1532 2019 1554 2050 ,
1600 1967 1862 2042 diffidio
1884 2020 1908 2058 ,
1929 1968 2040 2044 vel
2058 1969 2248 2046 aliter
2264 1970 2351 2044 ad
2366 1973 2564 2044 unius
2597 1971 2847 2044 iterum
2875 1971 2984 2044 vel
3003 1967 3308 2086 plurium

1013 2063 1424 2238 lpoteliatem
1461 2065 1718 2141 veniret
1761 2119 1787 2160 ‚
1845 2089 2052 2168 atque
2087 2069 2184 2143 ita
2235 2069 2413 2146 varia
2459 2071 2835 2167 imperandi
2867 2073 3042 2148 ratio
3078 2095 3156 2145 m
3195 2097 3311 2152 ot-

1068 2186 1345 2242 cmiter.

1128 2315 1192 2389 3.
1227 2298 1258 2385 i
1277 2334 1352 2398 9.
1404 2306 1699 2389 Politicae
1742 2302 1968 2411 hujus
1991 2330 2237 2423 partes
2271 2302 2447 2411 sunt
2485 2308 2633 2393 duae
2655 2374 2676 2409 ,
2717 2308 2962 2391 ciwlis
2987 2306 3078 2402 ό·
3105 2312 3308 2397 mili-

1240 2422 1426 2499 taris
1452 2445 1479 2493 .·
1522 2418 1647 2495 illa
1668 2418 1761 2519 est
1782 2424 1867 2501 de
1881 2421 2509 2528 „adminstratione
2549 2418 2834 2532 Reipub.
2855 2452 3000 2533 quae
3011 2433 3314 2535 generis

1153 2564 1171 2579 ·
1234 2528 1517 2601 nomine
1534 2536 1811 2615 πολιῖικῆ
1825 2528 2096 2607 dicitur
2115 2574 2143 2632 3
2161 2533 2390 2611 altera
2411 2535 2496 2615 de
2513 2561 2595 2615 re
2615 2529 2880 2635 bellici,
2896 2564 3041 2647 quae
3063 2578 3312 2645 ςςριτη·

1233 2632 1543 2738 γκῆβν(
1561 2645 2028 2747 Imperatoria
2049 2662 2378 2726 vocatur.

1118 2806 1289 2877 Haec
1306 2802 1449 2874 duo
1479 2803 1720 2878 iccirco
1738 2807 1943 2877 etiam
1977 2806 2046 2880 in
2067 2806 2397 2885 historicis
2411 2808 2750 2906 exemplis
2786 2808 3124 2889 observari
3134 2838 3308 2889 con-

1026 2902 1230 2973 venit.
1288 2904 1473 2975 Hinc
1493 2902 1767 2977 Tullius
1792 2936 1820 2997 3
1861 2912 2028 2979 Unde
2041 2909 2278 3001 facilius
2297 2953 2316 2988 ,
2355 2905 2524 3002 quaint
2557 2934 2633 2981 ex
2652 2916 2952 2983 annalium
2969 2899 3312 2987 moniam-

1021 3002 1104 3070 tis
1116 3048 1141 3089 ,
1158 3020 1261 3073 aut
1278 3026 1369 3076 res
1389 3004 1590 3074 bellica
1612 3008 1796 3076 omnis
1812 3057 1837 3097 ,
1869 3026 1973 3077 aut
1989 3012 2171 3080 onmis
2191 3011 2418 3103 Reipub·
2441 3004 2746 3102 disciplina
2763 3008 3180 3109 cognoscetur?

1140 3168 1207 3243 5.
1230 3191 1356 3247 20.
1384 3167 1593 3243 Prior
1637 3186 1808 3271 pars
1859 3161 2230 3245 dividitur
2254 3170 2333 3244 in
2349 3184 2634 3274 partem
2661 3164 2747 3247 de
2787 3168 3313 3283 kgrbusfiren-

1243 3276 1356 3353 dis
1378 3338 1401 3373 ‚
1429 3274 1519 3366 (γ’
1542 3272 1844 3353 alteram
1865 3274 1952 3353 de
1976 3273 2246 3389 legibus
2270 3278 2705 3359 exercendt's.

1090 3422 1103 3433 '
1131 3418 1456 3492 Similiter
1476 3416 1907 3516 jamblichus
1945 3420 2016 3491 in
2035 3422 2172 3494 vita
2189 3418 2600 3522 Pythagorae
2617 3454 2644 3514 3
2679 3425 2802 3500 ubi
2825 3427 2946 3502 has
2967 3429 3282 3505 Politicae
3293 3430 3318 3517 ζ

1026 3510 1193 3602 five,
1222 3541 1299 3588 ut
1316 3518 1453 3612 ipse
1472 3520 1563 3589 ait
1580 3568 1605 3605 ,
1646 3516 1918 3613 justitiae
1937 3540 2158 3613 partes
2179 3543 2381 3595 vocat
2415 3524 2820 3611 νομοθεῑακὶυὶ
2840 3531 2942 3612 ¹19³
2965 3530 3326 3607 δικαςικίὠ.

902 3660 913 3665 -
1028 3613 1259 3687 Etiam
1282 3614 1422 3685 duo
1444 3616 1589 3684 haec
1606 3632 1879 3687 munera
1894 3665 1916 3700 ‚
1936 3616 2342 3716 legissatoris
2369 3620 2442 3691 &
2459 3622 2702 3715 judicis
2718 3625 2910 3719 boni,
2933 3629 3002 3699 in
3022 3630 3320 3727 principe

1026 3714 1243 3811 exigit
1278 3710 1556 3785 Manuel
1574 3708 2001 3811 Palaeologus
2031 3717 2371 3817 Augustus
2409 3720 2484 3791 in
2520 3726 2866 3822 ptaeceptis
2906 3726 3324 3801 educationis

1026 3812 1307 3913 Reginae
1326 3812 1764 3911 adJoannem
1778 3808 2030 3892 Filium
2047 3866 2070 3909 ,
2088 3818 2240 3903 Tit.
2264 3840 2382 3901 ιι.
2429 3821 2780 3922 Ιξῑομοθέτης
2800 3821 2914 3918 μῌέ
2937 3827 2966 3901 δ
2982 3826 3286 3918 βασιλεὺς
3303 3867 3328 3907 ,

3225 3918 3330 4013 ul
